2099 3456
971 129 1054 192 ,ι

0 316 27 372 ³1
51 300 283 389 angelo
331 297 620 365 moventi
651 296 930 365 Coelum
973 294 1205 365 haerere
1235 294 1459 386 possit.⁴
1538 298 1753 369 Debet
1779 293 1907 367 ali:

0 410 26 460 ἔτ
49 379 197 485 {uid
223 390 600 480 incorrupto
631 390 853 456 animo
880 407 998 456 tuo
1018 390 1404 481 Cupiditas:
1456 414 1605 457 nam
1622 415 1771 483 quae
1785 415 1897 484 pe-

0 501 22 547 i»,
47 487 138 554 stis
182 483 561 574 opinionem
593 499 992 550 contraxerat
1025 529 1044 560 ‚
1091 480 1278 572 quod
1307 502 1371 548 te
1420 483 1599 550 nulla
1645 487 1894 553 ratione

45 578 251 669 potuit
279 574 546 665 arripere
580 621 600 652 ‚
648 574 927 664 contagij
982 572 1322 641 infamiam
1367 573 1656 642 excuflit.
1708 577 1896 645 Mul·

0 684 6 713 '=
44 671 100 736 :o
135 669 287 734 vero
322 667 524 757 magis
554 666 674 733 tibi
718 663 1020 732 devincta
1049 666 1140 734 est
1183 666 1407 733 Gratia
1436 714 1457 746 ,
1503 666 1693 758 quod
1739 691 1891 736 cum

0 796 4 806 »
42 760 99 828 35
134 761 309 828 Refvi
336 757 670 849 gratiosuS‚
686 757 959 826 neminis
982 757 1103 824 tibi
1120 757 1365 826 confles
1382 759 1896 829 invidiam.Tua'

40 877 90 920 :e
119 854 319 920 virtus
353 851 526 941 Regi
574 870 865 942 gratum,
915 849 1165 918 civibus
1195 851 1546 920 amabilem
1583 852 1915 921 reddidit?

39 947 182 1015 Nec
211 945 386 1010 enim
417 965 564 1033 quae
598 945 758 1036 geris
776 965 1077 1022 munera,
1124 943 1245 1010 tibi
1273 943 1618 1023 veridicam,
1665 944 1774 1011 sed
1820 946 1888 1013 in

3 1036 353 1128 populum
400 1030 706 1104 refundis.
759 1035 929 1103 Laus
957 1035 1047 1104 est
1078 1056 1224 1114 tua,
1272 1058 1403 1102 non
1431 1037 1514 1103 ad
1547 1038 1821 1125 privatas
1872 1085 1893 1117 ,

3 1129 140 1196 &sed
186 1128 474 1219 publicas
527 1127 734 1196 studia
763 1135 828 1196 &
864 1126 1085 1195 officia
1130 1128 1402 1196 rationes
1450 1127 1694 1196 referre.
1746 1130 1897 1200 Vna

3 1221 162 1288 tshaec
195 1221 314 1288 tibi
342 1221 598 1311 placent
631 1267 653 1300 ,
750 1243 848 1288 uae
883 1220 1196 1312 Reipubl.
1244 1218 1530 1310 prosunt.
1583 1221 1750 1290 Non
1788 1225 1895 1310 jus

32 1313 97 1380 in
127 1313 387 1381 arbitrio
414 1331 533 1380 tuo
567 1360 589 1392 ,
632 1312 697 1380 se
773 1331 847 1381 tu
890 1312 959 1379 in
1005 1312 1265 1381 arbitrio
1301 1313 1461 1402 juris
1489 1336 1572 1380 es.
1641 1312 1895 1405 Scopus

31 1405 197 1473 illud
224 1424 392 1472 tuus.
441 1405 548 1472 Eo
601 1404 896 1473 collimas
931 1430 944 1471 :
996 1405 1161 1496 quin
1201 1405 1460 1474 aberres.
1513 1405 1707 1474 Olim
1751 1409 1896 1495 vin-

0 1497 160 1582 4dex
191 1504 256 1567 ὃς
287 1495 556 1563 victima
585 1494 953 1585 Pontificij:
1005 1503 1158 1565 cum
1185 1497 1244 1563 ei
1274 1497 1644 1589 Regiorum
1690 1499 1900 1568 Mini-

0 1589 303 1658 Jstrorum
330 1589 592 1655 licentia
621 1587 1019 1657 detrahebat:
1071 1610 1268 1669 nune,
1284 1612 1438 1656 cum
1466 1589 1564 1657 illi
1604 1591 1897 1683 Regium

0 1743 2 1747 ,
37 1682 388 1760 consentit,
432 1677 689 1749 affertos
729 1704 793 1747 es
835 1681 1053 1773 Regij.
1104 1681 1405 1750 Minister
1454 1683 1756 1750 inventus
1829 1705 1896 1749 es

29 1798 217 1841 unus:
269 1796 471 1865 quem
499 1771 615 1839 fibi
642 1780 708 1841 &
737 1774 1202 1850 Pontificia‚&
1232 1774 1447 1865 Regia
1478 1774 1757 1863 potestas
1805 1796 1887 1841 ex

31 1887 223 1956 aequo
256 1867 592 1933 Arbitrum
621 1883 992 1955 quaererent.
1047 1863 1120 1934 N
1126 1886 1200 1931 ec
1235 1863 1352 1931 fibi
1393 1865 1760 1934 admodum
1807 1866 1899 1934 la-

0 1956 390 2036 :borandum
421 1975 677 2048 putant,
703 1954 871 2047 quid
904 1955 1317 2025 statuendum
1342 1955 1417 2025 sit
1436 2005 1457 2038 ‚
1505 1962 1659 2027 cum
1688 1958 1759 2025 id
1804 1957 1897 2026 se-

0 2075 1 2079 *
30 2050 367 2139 quendum
385 2096 404 2127 ,
453 2048 639 2140 quod
669 2067 743 2117 tu
770 2047 1018 2118 statuas.
1050 2047 1166 2120 Ne
1196 2049 1470 2119 Momus
1499 2050 1775 2142 quidem
1792 2051 1896 2119 vel

34 2140 479 2209 intentisslmus
527 2142 593 2208 in
634 2160 697 2208 te
762 2163 1021 2209 naevum
1066 2140 1579 2233 deprehenderit.
1630 2143 1772 2235 Qi
1829 2161 1894 2210 te

33 2235 250 2312 novit,
297 2235 349 2300 is
377 2232 829 2324 praejudicium
860 2234 1068 2326 Regis
1107 2232 1307 2302 nostri
1321 2234 1730 2303 vehementer
1747 2257 1898 2327 pro-

33 2325 210 2392 bavit
228 2330 413 2403 ‚cum
440 2325 609 2392 vidit
641 2327 677 2391 Ξ).
706 2348 845 2413 quo
875 2328 1031 2393 tuin
1045 2346 1293 2415 partem
1309 2325 1896 2418 curarumassump-

0 2456 1 2460 =
36 2434 139 2484 tus
173 2415 403 2495 suem,
449 2415 530 2482 ab
557 2440 636 2483 eo
668 2439 799 2483 non
827 2416 944 2485 nisi
973 2420 1263 2507 optimos
1291 2419 1643 2511 eligendos.
1741 2420 1808 2488 N
1820 2442 1895 2486 ec

30 2531 156 2600 ego
184 2510 442 2598 Regem
470 2509 915 2599 Regnumque
957 2527 1021 2576 te
1051 2510 1429 2580 administro
1459 2512 1758 2579 dubitem
1792 2510 1896 2578 be-

33 2609 216 2667 atum
242 2599 398 2667 fore.
446 2603 752 2692 Qorum
781 2621 906 2694 ego
934 2603 1034 2670 uti
1063 2602 1319 2669 nuilum
1379 2601 1581 2671 finem
1639 2603 1899 2670 amandi

35 2691 212 2761 facio
229 2730 248 2773 3
298 2693 387 2759 ita
414 2693 660 2760 nullam
688 2693 1044 2762 exornandi
1069 2693 1475 2764 occasionem
1522 2697 1899 2786 praetermit-

35 2801 126 2852 to,
176 2782 547 2855 Meminiffe
575 2786 712 2865 tui,
756 2783 957 2876 officij
1003 2787 1133 2855 mei
1175 2785 1298 2854 esse
1326 2787 1490 2855 duxi
1522 2833 1544 2866 ,
1591 2787 1776 2877 quod
1823 2807 1896 2855 tu

41 2876 128 2943 ad
155 2896 524 2944 ornamenta
552 2879 783 2969 Regiae
821 2876 1088 2946 familiae
1114 2880 1443 2970 pertineas.
1511 2880 1693 2947 Cum
1743 2903 1898 2946 vero

37 2967 222 3038 Astra
235 2969 456 3036 omnia
470 2970 506 3035 ὲ
528 2971 736 3038 Coelo
762 2970 1054 3038 canendo
1068 2969 1468 3038 deduxerim:
1489 2990 1563 3038 ut
1581 2972 1895 3039 Cunabu-

36 3060 104 3130 la
131 3058 512 3146 Serenisfimi
531 3061 805 3134 Infantis
821 3060 1307 3145 felicitarerm&
1338 3062 1422 3131 ad
1449 3063 1750 3153 idipsum
1769 3065 1896 3132 Or-

42 3184 55 3189 *
417 3178 425 3190 ·
1801 3156 1907 3224 bes
